@article{miller,
    author = "Stephanie Miller",
    title = "{A tunable 20 GHz transmon qubit in a 3D cavity}",
    journal = "ETH Zurich Semester thesis",
    year = "2018",
    keywords = "physics"
}

@article{fankhauser,
    author = "Johannes Fankhauser",
    title = "{Frequency-tunable Transmon qubit in a 3D copper cavity}",
    journal = "ETH Zurich Semester thesis",
    year = "2016",
    keywords = "physics"
}



@article{strongcoupling,
    author = {A. Wallraff et al.},
    title = "{Strong coupling of a single photon to a superconducting qubit using circuit quantum electrodynamics}",
    journal = "Nature",
    volume = "431",
    pages = "162-167",
    year = "2004"
}

@article{saturation,
    author = {Reed et al.},
    title = "{High-Fidelity Readout in Circuit Quantum Electrodynamics Using the Jaynes-Cummings Nonlinearity}",
    journal = "Physical Review Letters",
    volume = "105",
    pages = "17360-1 - 17360-4",
    year = "2010"
}

@article{jaynescummings,
    author = {J.M. Fink et al.},
    title = "{Climbing the Jaynes-Cummings ladder and observing its nonlinearity in a cavity QED}",
    journal = "Nature",
    volume = "454",
    pages = "315-318",
    year = "2008"
}

@article{circuitqed,
    author = {A. Blais et al.},
    title = "{Circuit quantum electrodynamics}",
    journal = "Reviews of modern physics",
    volume = "93",
    year = "2021"
}

@book{amnon,
    title = {Quantum Electronics},
    author = {Yariv Amnon},
    isbn = {0-4716-0997-8.},
    series = {},
    pages = "142",
    year = {1989},
    publisher = {Wiley},
    keywords = {physics}
}

@online{CQED,
    author = "Theo Walter",
    title = "Quantum Information Theory Notes",
    url  = "https://qudev.phys.ethz.ch/static/content/QSIT14/QSITNotes.pdf",
    addendum = "(accessed: 3.11.2021)",
    keywords = "manual"
}

@online{anharmonic,
    author = "Anders Kringhoj",
    title = "Exploring the Semiconducting Josephson Junction of Nanowire-based Superconducting Qubits",
    url  = "https://nbi.ku.dk/english/theses/phd-theses/anders-kringhoej/Anders_Kringhoej_PhD.pdf",
    addendum = "(accessed: 19.11.2021)",
    keywords = "manual"
}

@online{qcircuits,
    author = "Pedram Roushan et al.",
    title = "Quantum Circuits",
    url  = "https://phsites.technion.ac.il/qst2019/wp-content/uploads/sites/50/2019/09/Pedram_Roushan_Lecture1_Technion_Summer_School_2019_Quantum_Circuits1.pdf",
    addendum = "(accessed: 19.11.2021)",
    keywords = "manual"
}

@online{jch,
    author = "Wikipedia",
    title = "Jaynes-Cummings Modell",
    url  = "https://de.wikipedia.org/wiki/Jaynes-Cummings-Modell",
    addendum = "(accessed: 19.11.2021)",
    keywords = "manual"
}

@online{twolevel,
    author = "Andrej Tokmakoff",
    title = "Two-Level Systems",
    url  = "https://chem.libretexts.org/Bookshelves/Physical_and_Theoretical_Chemistry_Textbook_Maps/Time_Dependent_Quantum_Mechanics_and_Spectroscopy_(Tokmakoff)/02%3A_Introduction_to_Time-Dependent_Quantum_Mechanics/2.03%3A_Two-Level_Systems",
    addendum = "(accessed: 12.11.2021)",
    keywords = "manual"
}

@online{transition,
    author = "Cstoppers instructors",
    title = "Helium Neon Laser",
    url  = "https://edurev.in/studytube/Helium-Neon-Laser--Semiconductor-Laser-and-Applica/ace33ac7-2718-47f0-93fc-427d27e0b14f_t",
    addendum = "(accessed: 19.10.2021)",
    keywords = "manual"
}

@inbook{knuth-fa,
    author = "Donald E. Knuth",
    title = "Fundamental Algorithms",
    publisher = "Addison-Wesley",
    year = "1973",
    chapter = "1.2",
    keywords  = "knuth,programming"
}

